
	
@inproceedings{ali-maclachlan_quantifying_2013,
  location = {{Amsterdam, Netherlands}},
  title = {Quantifying {{Timbral Variations}} in {{Traditional Irish Flute Playing}}},
  booktitle = {Proceedings of the {{3rd International Workshop}} on {{Folk Music Analysis}}},
  author = {Ali-MacLachlan, Islah and K{\"o}k{\"u}er, M{\"u}nevver and Jan{\v c}ovi{\v c}, Peter} and Williams, Ian and Athwal, Cham},
  year = {2013},
  
}



@inproceedings{ali-maclachlan_islah_note_2016,
  location = {{Dublin, Ireland}},
  title = {Note, Cut and Strike Detection for Traditional {{Irish}} Flute Recordings},
    booktitle = {Proceedings of the 6th {{International Workshop}} on {{Folk Music Analysis}}},
  author = {{Ali-MacLachlan, Islah} and {Tomczak, Maciej} and {Southall, Carl} and {Hockman, Jason}},
  year = {2016},
  
}

@article{DBLP:journals/corr/Sussillo14,
  author    = {David Sussillo},
  title     = {Random Walks: Training Very Deep Nonlinear Feed-Forward Networks with
               Smart Initialization},
  journal   = {CoRR},
  volume    = {abs/1412.6558},
  year      = {2014},
  url       = {http://arxiv.org/abs/1412.6558},
  timestamp = {Thu, 01 Jan 2015 19:51:08 +0100},
  biburl    = {http://dblp.uni-trier.de/rec/bib/journals/corr/Sussillo14},
  bibsource = {dblp computer science bibliography, http://dblp.org}
}