
@inproceedings{kokuer_automated_2014-1,
  address = {Taipei, Taiwan},
  title = {Automated detection of {{Single}} and {{Multi-Note Ornaments}} in {{Traditional Irish Music}}},
  timestamp = {2015-02-11T21:41:43Z},
  booktitle = {Proceedings of the 15th {{International}} society for {{Music Information Retrieval Conference}}},
  author = {K{\"o}k{\"u}er, M{\"u}nevver and Jan{\v c}ovi{\v c}, Peter and Ali-MacLachlan, Islah and Athwal, Cham},
  year = {2014},
}

@inproceedings{gainza_onset_2004,
  address = {Belfast},
  title = {Onset detection and music transcription for the {{Irish}} tin whistle},
  lccn = {0010},
  shorttitle = {{{ISSC}} '04},
  timestamp = {2011-09-06T10:33:37Z},
  booktitle = {Proc {{Irish Signals}} and {{Systems Conference}},},
  author = {Gainza, M. and Lawlor, B. and Coyle, E.},
  year = {2004}
}

@book{larsen_essential_2003,
  address = {Pacific, Missouri, USA},
  title = {The essential guide to {{Irish}} flute and tin whistle},
  isbn = {0-7866-4942-9},
  lccn = {0017},
  timestamp = {2013-01-30T09:46:53Z},
  publisher = {{Mel Bay Publications}},
  author = {Larsen, G.},
  year = {2003}
}

@article{scheirer_tempo_1998,
  title = {Tempo and beat analysis of acoustic musical signals},
  volume = {103},
  timestamp = {2013-08-27T14:36:54Z},
  urldate = {2013-08-27},
  journal = {The Journal of the Acoustical Society of America},
  author = {Scheirer, Eric D.},
  year = {1998},
  pages = {588}
}

@inproceedings{klapuri_sound_1999,
  address = {Prague},
  title = {Sound onset detection by applying psychoacoustic knowledge},
  volume = {6},
  isbn = {0-7803-5041-3},
  lccn = {0000},
  shorttitle = {{{ICASSP}}'99},
  timestamp = {2011-09-07T14:59:39Z},
  booktitle = {{{IEEE International Conference}} on {{Acoustics}}, {{Speech}}, and {{Signal Processing}}, 1999},
  author = {Klapuri, A.},
  year = {1999},
  pages = {3089--3092}
}

@book{breathnach_folk_1996,
  address = {London},
  title = {Folk music and dances of {{Ireland}}},
  isbn = {0-85342-509-4},
  lccn = {0001},
  timestamp = {2016-02-19T07:42:29Z},
  publisher = {{Ossian}},
  author = {Breathnach, B.},
  year = {1996}
}

@book{williams_irish_2010,
  address = {Abingdon, Oxon},
  title = {Irish {{Traditional Music}}},
  lccn = {0000},
  timestamp = {2011-09-06T08:27:51Z},
  publisher = {{Routledge}},
  author = {Williams, S.},
  year = {2010}
}

@book{henebry_handbook_1928,
  address = {Cork, Ireland},
  title = {A handbook of {{Irish}} music.},
  timestamp = {2016-03-11T07:54:59Z},
  publisher = {{Cork University Press, Educational Company of Ireland}},
  author = {Henebry, Richard},
  year = {1928},
  annote = {http://www.itma.ie/digitallibrary/book/handbook-1
http://www.itma.ie/digitallibrary/print-collection/henebry-a-handbook-of-irish-music-1928
~}
}

@article{keegan_parameters_2010,
  title = {The {{Parameters}} of {{Style}} in {{Irish Traditional Music}}},
  volume = {1},
  lccn = {0000},
  timestamp = {2011-03-11T09:47:31Z},
  number = {1},
  journal = {Inbhear, Journal of Irish Music and Dance},
  author = {Keegan, N.},
  year = {2010},
  pages = {63--96}
}


@inproceedings{gainza_automating_2007,
  address = {Honolulu, Hawaii.},
  title = {Automating ornamentation transcription},
  timestamp = {2016-03-15T11:41:43Z},
  urldate = {2014-03-13},
  booktitle = {Conference papers},
  author = {Gainza, Mikel and Coyle, Eugene},
  year = {2007},
  pages = {10},

}

@inproceedings{ali-maclachlan_quantifying_2013,
  address = {{Amsterdam, Netherlands}},
  title = {Quantifying {{Timbral Variations}} in {{Traditional Irish Flute Playing}}},
  booktitle = {Proceedings of the {{3rd International Workshop}} on {{Folk Music Analysis}}},
  author = {Ali-MacLachlan, I. and K{\"o}k{\"u}er, M. and Jan{\v c}ovi{\v c}, P. and Williams, I. and Athwal, C.},
  year = {2013},
  
}

@inproceedings{ali-maclachlan_islah_note_2016,
  address = {{Dublin, Ireland}},
  title = {Note, Cut and Strike Detection for Traditional {{Irish}} Flute Recordings},
    booktitle = {Proceedings of the 6th {{International Workshop}} on {{Folk Music Analysis}}},
  author = {Ali-MacLachlan, I. and Tomczak, M. and Southall, C. and Hockman, J.},
  year = {2016},
  
}

@article{gainza_single-note_2004,
  title = {Single-note ornaments transcription for the irish tin whistle based on onset detection},
  lccn = {0005},
  timestamp = {2011-03-08T08:59:48Z},
  journal = {Proc Digital Audio Effects (DAFX), Naples},
  author = {Gainza, M. and Coyle, E. and Lawlor, B.},
  year = {2004}
}

@article{mccullough_style_1977,
	title = {Style in traditional {Irish} music},
	volume = {21},
	issn = {0014-1836},
	number = {1},
	journal = {Ethnomusicology},
	author = {McCullough, L. E},
	year = {1977},
	pages = {85--97},

}

@book{hast_music_2004,
  address = {{Oxford, UK}},
  title = {Music in {{Ireland}}: {{Experiencing Music}}, {{Expressing Culture}}},
  isbn = {978-0-19-514554-0},
  url = {http://capitadiscovery.co.uk/bcu/items/899934},
  shorttitle = {Music in {{Ireland}}},
  timestamp = {2016-04-27T06:13:17Z},
  langid = {english},
  publisher = {{Oxford University Press}},
  author = {Hast, D.E. and Scott, S.},
  urldate = {2016-01-13},
  year = {2004},
}

@book{lornell_music_2016,
  title = {The {{Music}} of {{Multicultural America}}: {{Performance}}, {{Identity}}, and {{Community}} in the {{United States}}},
  isbn = {978-1-62674-612-1},
  shorttitle = {The {{Music}} of {{Multicultural America}}},
  pagetotal = {441},
  timestamp = {2016-05-17T17:10:10Z},
  langid = {english},
  publisher = {{Univ. Press of Mississippi}},
  author = {Lornell, Kip and Rasmussen, Anne K.},
  year = {2016},

}

@book{boullier_exploring_1998,
  title = {Exploring {{Irish Music}} and {{Dance}}},
  isbn = {978-0-86278-558-1},
  pagetotal = {120},
  timestamp = {2016-01-21T10:17:26Z},
  langid = {english},
  publisher = {{O'Brien Press}},
  author = {Boullier, Dianna},
  address = {Dublin, Ireland},
  year = {1998},
}

 
@inproceedings{eyben_universal_2010,
	title = {Universal {Onset} {Detection} with {Bidirectional} {Long} {Short}-{Term} {Memory} {Neural} {Networks}.},
	address = {Utrecht, Netherlands},
	booktitle = {Proceedings of the International Society for Music Information Retrieval Conference },
	author = {Eyben, F. and B{\"o}ck, S. and Schuller, B. and Graves, A.},
	year = {2010},
	pages = {589--594},
	
}

@inproceedings{kelleher_onset_2005,
	address = {Barcelona, Spain},
	title = {Onset detection, music transcription and ornament detection for the traditional irish fiddle},
	booktitle = {Proceedings of the  118th {AES} {Convention}},
	author = {Kelleher, A. and Fitzgerald, D. and Gainza, M. and Coyle, E. and Lawlor, B.},
	year = {2005},
	
}



@inproceedings{kokuer_towards_2014,
	address = {London},
	title = {Towards the creation of digital library content to study aspects of style in {Irish} traditional music},
	url = {http://dl.acm.org/citation.cfm?id=2660188},
	urldate = {2015-02-05},
	booktitle = {Proceedings of the 1st {International} {Workshop} on {Digital} {Libraries} for {Musicology}},
	author = {K{\"o}k{\"u}er, M. and Kearney, D. and Ali-MacLachlan, I. and Jan{\v c}ovi{\v c}, P. and Athwal, C.},
	year = {2014},
	
}


@book{schuller_swing_1991,
	title = {The {Swing} {Era}: {The} {Development} of {Jazz}, 1930-1945},
	isbn = {978-0-19-987934-2},
	shorttitle = {The {Swing} {Era}},
		language = {en},
	publisher = {Oxford Paperbacks},
	author = {Schuller, Gunther},
	month = nov,
	year = {1991},

}


@article{beauguitte_corpus_2016,
	title = {A {Corpus} of {Annotated} {Irish} {Traditional} {Dance Music} {Recordings}: {Design} and {Benchmark} {Evaluations}.},
	booktitle = {Proceedings of the 17th International Society for Music Information Retrieval Conference},
  address = {New York City, United States},
	author = {Beauguitte, P. and Duggan, B. and Kelleher, J.},
	year = {2016},

}


@article{de_cheveigne_yin_2002,
	title = {{YIN}, a fundamental frequency estimator for speech and music},
	volume = {111},
	url = {http://scitation.aip.org/content/asa/journal/jasa/111/4/10.1121/1.1458024},
	number = {4},
	urldate = {2015-08-11},
	journal = {The Journal of the Acoustical Society of America},
	author = {De Cheveign{\'e}, Alain and Kawahara, Hideki},
	year = {2002},
	pages = {1917--1930}
}



@inproceedings{kokuer_automated_2014,
	address = {Istanbul, Turkey},
	title = {Automated {Detection} of {Single}-{Note} {Ornaments} in {Irish} {Traditional} flute {Playing}},
	booktitle = {Proceedings of the 4th {International} {Workshop} on {Folk} {Music} {Analysis}},
	author = {K{\"o}k{\"u}er, M{\"u}nevver and Ali-MacLachlan, Islah and Jan{\v c}ovi{\v c}, Peter and Athwal, Cham},
	year = {2014},
}


@inproceedings{jancovic_automatic_2015,
	address = {Malaga, Spain},
	title = {Automatic transcription of ornamented {Irish} traditional music using {Hidden} {Markov} {Models}.},
	booktitle = {Proceedings of the 16th International Society for Music Information Retrieval Conference },
	author = {Jan{\v c}ovi{\v c}, Peter and K{\"o}k{\"u}er, M{\"u}nevver and Baptiste, Wrena},
	year = {2015},
	pages = {756--762},
	
}



@article{mauch_simultaneous_2010,
	title = {Simultaneous estimation of chords and musical context from audio},
	volume = {18},
	url = {http://ieeexplore.ieee.org/abstract/document/5256327/},
	number = {6},
	urldate = {2017-03-08},
	journal = {IEEE Transactions on Audio, Speech, and Language Processing},
	author = {Mauch, Matthias and Dixon, Simon},
	year = {2010},
	pages = {1280--1289},
	
}

@inproceedings{SouthallSH_DrumTransRNN_ISMIR,
  author    = {Carl Southall and Ryan Stables and Jason Hockman},
  title     = {Automatic Drum Transcription Using Bi-Directional Recurrent Neural Networks},
booktitle = {Proceedings of the 17th International Society for Music Information Retrieval Conference },
  address = {New York City, United States},
  month = {August},
  pages     = {591--597},
  year      = {2016},
}

@article{DBLP:journals/corr/IoffeS15,
  author    = {Sergey Ioffe and
               Christian Szegedy},
  title     = {Batch Normalization: Accelerating Deep Network Training by Reducing Internal Covariate Shift},
  journal   = {CoRR},
  volume    = {abs/1502.03167},
  year      = {2015},
  url       = {http://arxiv.org/abs/1502.03167},
  timestamp = {Mon, 02 Mar 2015 14:17:34 +0100},
  biburl    = {http://dblp.uni-trier.de/rec/bib/journals/corr/IoffeS15},
  bibsource = {dblp computer science bibliography, http://dblp.org}
}

@article{srivastava2014dropout,
  title={Dropout: a simple way to prevent neural networks from overfitting.},
  author={Srivastava, Nitish and Hinton, Geoffrey E and Krizhevsky, Alex and Sutskever, Ilya and Salakhutdinov, Ruslan},
  journal={Journal of Machine Learning Research},
  volume={15},
  number={1},
  pages={1929--1958},
  year={2014}
}

@inproceedings{schluter2014improved,
  title={Improved musical onset detection with convolutional neural networks},
  author={Schluter, Jan and B{\"o}ck, Sebastian},
  booktitle={Acoustics, speech and signal processing (icassp), 2014 ieee international conference on},
  pages={6979--6983},
  year={2014},
  organization={IEEE}
}

@article{DBLP:journals/corr/KingmaB14,
  author    = {Diederik P. Kingma and
               Jimmy Ba},
  title     = {Adam: {A} Method for Stochastic Optimization},
  journal   = {CoRR},
  volume    = {abs/1412.6980},
  year      = {2014},
  url       = {http://arxiv.org/abs/1412.6980},
  timestamp = {Thu, 01 Jan 2015 19:51:08 +0100},
  biburl    = {http://dblp.uni-trier.de/rec/bib/journals/corr/KingmaB14},
  bibsource = {dblp computer science bibliography, http://dblp.org}
}




@article{abadi_tensorflow:_2016,
	title = {Tensorflow: {Large}-scale machine learning on heterogeneous distributed systems},
	shorttitle = {Tensorflow},
	url = {https://arxiv.org/abs/1603.04467},
	urldate = {2017-03-10},
	journal = {CoRR},
	author = {Abadi, Martín and Agarwal, Ashish and Barham, Paul and Brevdo, Eugene and Chen, Zhifeng and Citro, Craig and Corrado, Greg S. and Davis, Andy and Dean, Jeffrey and Devin, Matthieu and {others}},
	year = {2016},
	
}



@inproceedings{dixon_onset_2006,
	address = {Montreal, Canada},
	title = {Onset detection revisited},
	volume = {120},
	url = {http://citeseerx.ist.psu.edu/viewdoc/download?doi=10.1.1.440.3197&rep=rep1&type=pdf#page=143},
	urldate = {2016-04-12},
	booktitle = {Proceedings of the 9th {International} {Conference} on {Digital} {Audio} {Effects} ({DAFx}-06)},
	publisher = {Citeseer},
	author = {Dixon, Simon},
	year = {2006},
	pages = {133--137},
	
}


@book{oneill_oneills_1998,
	address = {Pacific, Missouri},
	title = {O'{Neill}'s music of {Ireland}},
	isbn = {0-7866-2498-1},
	publisher = {Mel Bay Publications},
	author = {O'Neill, Francis},
	year = {1998}
}


@inproceedings{ali-maclachlan_towards_2015,
	address = {Paris, France},
	title = {Towards the identification of {Irish} traditional flute players from commercial recordings.},
	booktitle = {Proceedings of the 5th {International} {Workshop} on {Folk} {Music} {Analysis}},
	author = {Ali-MacLachlan, I. and K{\"o}k{\"u}er, M. and Athwal, C. and Jan{\v c}ovi{\v c}, P.},
	year = {2015},
	
	
}


@book{vallely_companion_2011,
	title = {The Companion to Irish Traditional Music},
	isbn = {978-1-85918-450-9},
	pagetotal = {832},
	publisher = {Cork University Press},
	address = {Cork, Ireland},
	author = {Vallely, F.},
	year = {2011},

}


@inproceedings{widholm_silver_2001,
	title = {Silver, gold, platinum-and the sound of the flute},
	pages = {277--280},
	booktitle = {Proc. Int. Symposium on Musical Acoustics, Perugia},
	author = {Widholm, G. and Linortner, R. and Kausel, W. and Bertsch, M.},
	year = {2001}
}


@book{breathnach_ceol_1963,
	address = {Dublin, Ireland},
	title = {Ceol Rince na {h{\'E}ireann} 1},
	isbn = {978-1-85791-039-1},
	shorttitle = {Ceol Rince na {h{\'E}ireann} 1},
	publisher = {An Gum},
	author = {Breathnach, B.},
	year = {1963}
}


@book{o_canainn_traditional_1978,
	address = {Cork, Ireland},
	title = {Traditional Music in Ireland},
	isbn = {978-0-946005-73-4},
	pagetotal = {145},
	publisher = {Ossian},
	author = {{\'O} Canainn, T.},
	year = {1978}
}



@article{backus_effect_1964,
	title = {Effect of Wall Material on the Steady-State Tone Quality of Woodwind Instruments},
	volume = {36},
	rights = {© 1964 Acoustical Society of America},
	pages = {1881--1887},
	number = {10},
	journal = {The Journal of the Acoustical Society of America},
	author = {Backus, J.},
	year = {1964}
}


@article{coltman_effect_1971,
	title = {Effect of material on flute tone quality},
	volume = {49},
	pages = {520},
	journal = {The Journal of the Acoustical Society of America},
	author = {Coltman, J.W.},
	urldate = {2013-04-04},
	year = {1971},
	
}


@inproceedings{lee_unsupervised_2009,
	title = {Unsupervised feature learning for audio classification using convolutional deep belief networks},
	pages = {1096--1104},
	booktitle = {Proceedings of the 23rd Annual Conference on Neural Information Processing Systems},
	author = {Lee, H. and Pham, P. and Largman, Y. and Ng, A.Y.},
	year = {2009},
	place = {Vancouver, Canada}
}


@inproceedings{dieleman_audio-based_2011,
	title = {Audio-based music classification with a pretrained convolutional network},
	url = {https://biblio.ugent.be/publication/1989534},
	pages = {669--674},
	booktitle = {Proceedings of the 12th International Society for Music Information Retrieval Conference },
	publisher = {University of Miami},
	location = {Miami, FL, USA},
	author = {Dieleman, S. and Brakel, P. and Schrauwen, B.},
	year = {2011},

}



@inproceedings{li_automatic_2010,
	location = {Hong Kong},
	title = {Automatic musical pattern feature extraction using convolutional neural network},
	eventtitle = {International {MultiConference} of Engineers and Computer Scientists},
	booktitle = {Proceedings of the International {MultiConference} of Engineers and Computer Scientists},
	author = {Li, T. and Chan, A.B. and Chun, A.},
	year = {2010},
}


@inproceedings{bertin-mahieux_million_2011,
	location = {Miami, {FL}, {USA}.},
	title = {The Million Song Dataset.},
	url = {http://www.academia.edu/download/5877243/ismir11.pdf},
	eventtitle = {12th International Society for Music Information Retrieval Conference },
	booktitle = {Proceedings of the 12th International Society for Music Information Retrieval Conference},
	author = {Bertin-Mahieux, T. and Ellis, D. and Whitman, B. and Lamere, Paul},
	year = {2011},
	
}


@article{costa_evaluation_2017,
	title = {An evaluation of Convolutional Neural Networks for music classification using spectrograms},
	volume = {52},
	url = {http://www.sciencedirect.com/science/article/pii/S1568494616306421},
	pages = {28--38},
	issue = {March 2017},
	journal = {Applied Soft Computing},
	author = {Costa, Y. and Oliveira, L.S. and Silla, C.N.},
	urldate = {2017-04-10},
	year = {2017},
	
}


@article{lidy_parallel_2016,
	title = {Parallel convolutional neural networks for music genre and mood classification},
	journal = {{MIREX}},
	author = {Lidy, T. and Schindler, A.},
	urldate = {2017-04-10},
	year = {2016},
	
}


@article{park_musical_2015,
	title = {Musical instrument sound classification with deep convolutional neural network using feature fusion approach},
	volume = {abs/1512.07370},
	url = {http://arxiv.org/abs/1512.07370},
	journal = {{CoRR}},
	author = {Park, T. and Lee, T.},
	urldate = {2017-04-12},
	year = {2015},
	
}


@article{han_deep_2017,
	title = {Deep convolutional neural networks for predominant instrument recognition in polyphonic music},
	volume = {25},
	url = {http://ieeexplore.ieee.org/abstract/document/7755799/},
	pages = {208--221},
	number = {1},
	journal = {{IEEE}/{ACM} Transactions on Audio, Speech, and Language Processing},
	author = {Han, Y. and Kim, J. and Lee, K.},
	urldate = {2017-04-11},
	year = {2017},
}

@article{DBLP:journals/corr/Sussillo14,
  author    = {Sussillo, D.},
  title     = {Random Walks: Training Very Deep Nonlinear Feed-Forward Networks with
               Smart Initialization},
  journal   = {CoRR},
  volume    = {abs/1412.6558},
  year      = {2014},
  url       = {http://arxiv.org/abs/1412.6558},
  timestamp = {Thu, 01 Jan 2015 19:51:08 +0100},
  biburl    = {http://dblp.uni-trier.de/rec/bib/journals/corr/Sussillo14},
  bibsource = {dblp computer science bibliography, http://dblp.org}
}


@inproceedings{mandel_song-level_2005,
	address = {London, UK},
	title = {Song-{Level} {Features} and {Support} {Vector} {Machines} for {Music} {Classification}.},
	volume = {2005},
	url = {http://www.ee.columbia.edu/~mim/work/ismir05.pdf},
	urldate = {2017-04-12},
	booktitle = {Proceedings of the 6th {International} {Conference} on {Music} {Information} {Retrieval} },
	author = {Mandel, M.I. and Ellis, D.},
	year = {2005},
	pages = {594--599},
	
}


@article{berenzweig_large-scale_2004,
	title = {A large-scale evaluation of acoustic and subjective music-similarity measures},
	volume = {28},
	url = {http://www.mitpressjournals.org/doi/abs/10.1162/014892604323112257},
	number = {2},
	urldate = {2017-04-13},
	journal = {Computer Music Journal},
	author = {Berenzweig, A. and Logan, B. and Ellis, D. PW and Whitman, B.},
	year = {2004},
	pages = {63--76},

}



@misc{ellis_d._uspop2002_2003,
	title = {The "uspop2002" {Pop} {Music} data set},
	url = {http://labrosa.ee.columbia.edu/projects/musicsim/uspop2002.html},
	urldate = {2017-04-13},
	journal = {The "uspop2002" Pop Music data set},
	author = {{Ellis, D.} and {Berenzweig, A.} and {Whitman, B.}},
	year = {2003},
	file = {"uspop2002" data set:/Users/izzy/Library/Application Support/Zotero/Profiles/d0nycvd3.default/zotero/storage/GEXRR38T/uspop2002.html:text/html}
}


@inproceedings{kim_towards_2006,
	address = {Victoria, Canada},
	title = {Towards {Quantifying} the" {Album} {Effect}" in {Artist} {Identification}.},
	url = {https://pdfs.semanticscholar.org/1800/0ec39ba9aaced618ec199e9a9c44c440de3d.pdf},
	urldate = {2017-04-12},
	booktitle = {Proceedings of the 7th {International} {Conference} on {Music} {Information} {Retrieval}},
	author = {Kim, Y.E. and Williamson, D.S. and Pilli, S.},
	year = {2006},
	pages = {393--394},

}


@inproceedings{whitman_artist_2001,
	address = {Falmouth, Massachusetts, USA},
	title = {Artist detection in music with minnowmatch},
	url = {http://ieeexplore.ieee.org/abstract/document/943160/},
	urldate = {2017-04-13},
	booktitle = {{IEEE} workshop on {Neural} {Networks} for {Signal} {Processing}},
	publisher = {IEEE},
	author = {Whitman, B. and Flake, G. and Lawrence, S.},
	year = {2001},
	pages = {559--568},

}


@article{pachet_improving_2004,
	title = {Improving timbre similarity: {How} high is the sky},
	volume = {1},
	shorttitle = {Improving timbre similarity},
	url = {http://www.academia.edu/download/33280553/aucouturier-04b.pdf},
	number = {1},
	urldate = {2017-04-13},
	journal = {Journal of negative results in speech and audio sciences},
	author = {Pachet, F. and Aucouturier, J.},
	year = {2004},
	pages = {1--13},
	
}


@inproceedings{li_music_2004,
	title = {Music artist style identification by semi-supervised learning from both lyrics and content},
	url = {http://dl.acm.org/citation.cfm?id=1027612},
	urldate = {2017-04-12},
	booktitle = {Proceedings of the 12th annual {ACM} international conference on {Multimedia}},
	publisher = {ACM},
	author = {Li, T. and Ogihara, M.},
	year = {2004},
	pages = {364--367},

}


@article{tzanetakis_musical_2002,
	title = {Musical genre classification of audio signals},
	volume = {10},
	url = {http://ieeexplore.ieee.org/xpls/abs_all.jsp?arnumber=1021072},
	number = {5},
	urldate = {2015-03-19},
	journal = {Speech and Audio Processing, IEEE transactions on},
	author = {Tzanetakis, G. and Cook, P.},
	year = {2002},
	pages = {293--302}
}


@inproceedings{logan_mel_2000,
	address = {Plymouth, MA, USA},
	title = {Mel {Frequency} {Cepstral} {Coefficients} for {Music} {Modeling}.},
	booktitle = {Proceedings of the 1st {International} {Symposium} on {Music} {Information} {Retrieval}},
	author = {Logan, B.},
	year = {2000},

}