% Example bibtex file for ISMIR Template

@INPROCEEDINGS{Author:00,
	AUTHOR = {E. Author},
	TITLE = {The Title of the Conference Paper},
	BOOKTITLE = {Proceedings of the International Symposium
		on Music Information Retrieval},
	PAGES = {000--111},
	YEAR = {2000},
	}

@ARTICLE{Someone:10,
	AUTHOR = {A. Someone and B. Someone and C. Someone},
	TITLE = {The Title of the Journal Paper},
	JOURNAL = {Journal of New Music Research},
	VOLUME = {A},
	NUMBER = {B},
	PAGES = {111--222},
	YEAR = {2010},
	}

@BOOK{Someone:04,
	AUTHOR = {X. Someone and Y. Someone},
	TITLE = {The Title of the Book},
	PUBLISHER = {Editorial Acme},
	ADDRESS = {Porto},
	YEAR = {2012},
	}
	
	
@inproceedings{ali-maclachlan_quantifying_2013,
  location = {{Amsterdam, Netherlands}},
  title = {Quantifying {{Timbral Variations}} in {{Traditional Irish Flute Playing}}},
  booktitle = {Proceedings of the {{3rd International Workshop}} on {{Folk Music Analysis}}},
  author = {Ali-MacLachlan, Islah and K{\"o}k{\"u}er, M{\"u}nevver and Jan{\v c}ovi{\v c}, Peter} and Williams, Ian and Athwal, Cham},
  year = {2013},
  
}



@inproceedings{ali-maclachlan_islah_note_2016,
  location = {{Dublin, Ireland}},
  title = {Note, Cut and Strike Detection for Traditional {{Irish}} Flute Recordings},
    booktitle = {Proceedings of the 6th {{International Workshop}} on {{Folk Music Analysis}}},
  author = {{Ali-MacLachlan, Islah} and {Tomczak, Maciej} and {Southall, Carl} and {Hockman, Jason}},
  year = {2016},
  
}

